<record><leader>00000cas a2200000 a 4500</leader><controlfield tag="001">35863925</controlfield><controlfield tag="008">961107d197119uumiuwr ne      0    0eng c</controlfield><datafield ind1=" " ind2=" " tag="010"><subfield code="a">sn 96077242 </subfield></datafield><datafield ind1=" " ind2=" " tag="040"><subfield code="a">MHN</subfield><subfield code="b">eng</subfield><subfield code="c">MHN</subfield><subfield code="d">OCL</subfield><subfield code="d">OCLCQ</subfield><subfield code="d">OCLCF</subfield><subfield code="d">OCLCO</subfield><subfield code="d">OCLCA</subfield></datafield><datafield ind1="1" ind2=" " tag="029"><subfield code="a">AU@</subfield><subfield code="b">000012911149</subfield></datafield><datafield ind1=" " ind2=" " tag="042"><subfield code="a">pcc</subfield></datafield><datafield ind1=" " ind2=" " tag="043"><subfield code="a">n-us-mi</subfield></datafield><datafield ind1="0" ind2=" " tag="130"><subfield code="a">U.P. Catholic (Marquette, Mich. : 1971)</subfield></datafield><datafield ind1="1" ind2="0" tag="245"><subfield code="a">U.P. Catholic :</subfield><subfield code="b">the newspaper of the Diocese of Marquette.</subfield></datafield><datafield ind1="3" ind2=" " tag="246"><subfield code="a">Upper Peninsula Catholic</subfield></datafield><datafield ind1="3" ind2=" " tag="246"><subfield code="a">UP Catholic</subfield></datafield><datafield ind1="3" ind2=" " tag="246"><subfield code="a">Upper Peninsula UP Catholic</subfield></datafield><datafield ind1=" " ind2=" " tag="260"><subfield code="a">Marquette, Mich. :</subfield><subfield code="b">Paul A. Schiska</subfield></datafield><datafield ind1=" " ind2=" " tag="300"><subfield code="a">v.</subfield></datafield><datafield ind1=" " ind2=" " tag="310"><subfield code="a">Weekly</subfield></datafield><datafield ind1="0" ind2=" " tag="362"><subfield code="a">Vol. 1, no. 1 (July 9, 1971)-</subfield></datafield><datafield ind1=" " ind2=" " tag="500"><subfield code="a">Official newspaper of the diocese of Marquette.</subfield></datafield><datafield ind1=" " ind2="0" tag="651"><subfield code="a">Marquette (Mich.)</subfield><subfield code="v">Newspapers.</subfield></datafield><datafield ind1=" " ind2="0" tag="651"><subfield code="a">Marquette County (Mich.)</subfield><subfield code="v">Newspapers.</subfield></datafield><datafield ind1=" " ind2="7" tag="655"><subfield code="a">Newspapers.</subfield><subfield code="2">fast</subfield><subfield code="0">(OCoLC)fst01423814</subfield></datafield><datafield ind1=" " ind2="7" tag="651"><subfield code="a">Michigan</subfield><subfield code="z">Marquette.</subfield><subfield code="2">fast</subfield><subfield code="0">(OCoLC)fst01214886</subfield></datafield><datafield ind1=" " ind2="7" tag="651"><subfield code="a">Michigan</subfield><subfield code="z">Marquette County.</subfield><subfield code="2">fast</subfield><subfield code="0">(OCoLC)fst01213518</subfield></datafield><datafield ind1="2" ind2=" " tag="710"><subfield code="a">Catholic Church.</subfield><subfield code="b">Diocese</subfield><subfield code="c">(Marquette (Mich.))</subfield></datafield><datafield ind1=" " ind2=" " tag="752"><subfield code="a">United States</subfield><subfield code="b">Michigan</subfield><subfield code="c">Marquette</subfield><subfield code="d">Marquette.</subfield></datafield><datafield ind1="0" ind2="0" tag="780"><subfield code="t">Our Sunday visitor (Marquette, Mich.)</subfield><subfield code="w">(DLC)sn 96077241</subfield><subfield code="w">(OCoLC)35868087</subfield></datafield><datafield ind1="0" ind2="0" tag="785"><subfield code="t">Upper Peninsula Catholic</subfield><subfield code="w">(DLC)sn 84007758</subfield><subfield code="w">(OCoLC)10577471</subfield></datafield></record>